<record><leader>00000cas a22000007a 4500</leader><controlfield tag="001">9534036</controlfield><controlfield tag="008">830521d18451848ohuwr ne      0    0eng d</controlfield><controlfield tag="009">3783</controlfield><datafield ind1=" " ind2=" " tag="010"><subfield code="a">sn 83035131 </subfield></datafield><datafield ind1=" " ind2=" " tag="040"><subfield code="a">NPY</subfield><subfield code="b">eng</subfield><subfield code="c">NPY</subfield><subfield code="d">NPX</subfield><subfield code="d">ONP</subfield><subfield code="d">OCLCG</subfield></datafield><datafield ind1="1" ind2=" " tag="029"><subfield code="a">AU@</subfield><subfield code="b">000025839174</subfield></datafield><datafield ind1=" " ind2=" " tag="042"><subfield code="a">msc</subfield></datafield><datafield ind1="0" ind2="4" tag="245"><subfield code="a">The Cleveland American.</subfield></datafield><datafield ind1=" " ind2=" " tag="260"><subfield code="a">Cleveland [Ohio] :</subfield><subfield code="b">E. Cowles,</subfield><subfield code="c">1845-</subfield></datafield><datafield ind1=" " ind2=" " tag="300"><subfield code="a">v. ;</subfield><subfield code="c">58 cm.</subfield></datafield><datafield ind1=" " ind2=" " tag="310"><subfield code="a">Weekly</subfield></datafield><datafield ind1="0" ind2=" " tag="362"><subfield code="a">Vol. 1, no. 50 (Aug. 28, 1845)-</subfield></datafield><datafield ind1="1" ind2=" " tag="362"><subfield code="a">Ceased in 1848.</subfield><subfield code="z">Cf. Gutgesell, S.  Guide to Ohio newspapers, 1974.</subfield></datafield><datafield ind1=" " ind2=" " tag="500"><subfield code="a">Editor: L.L. Rice, 1845-&lt;1847&gt;.</subfield></datafield><datafield ind1=" " ind2=" " tag="515"><subfield code="a">Suspended &lt;June 1847&gt;.</subfield></datafield><datafield ind1=" " ind2=" " tag="500"><subfield code="a">Publishers: M.W. Miller, &lt;1846&gt;; L.P. Judson &amp; P. Winchester, 1846-1847; Winchester &amp; Tait, &lt;1847&gt;.</subfield></datafield><datafield ind1=" " ind2=" " tag="500"><subfield code="a">"Anti-slavery."</subfield></datafield><datafield ind1="1" ind2=" " tag="700"><subfield code="a">Cowles, Edwin,</subfield><subfield code="d">1825-1890.</subfield></datafield><datafield ind1="1" ind2=" " tag="700"><subfield code="a">Rice, Lewis L.</subfield></datafield><datafield ind1="1" ind2=" " tag="700"><subfield code="a">Miller, M. W.</subfield></datafield><datafield ind1=" " ind2=" " tag="752"><subfield code="a">United States</subfield><subfield code="b">Ohio</subfield><subfield code="c">Cuyahoga</subfield><subfield code="d">Cleveland.</subfield></datafield><datafield ind1="0" ind2="0" tag="780"><subfield code="t">Ohio American</subfield><subfield code="w">(DLC)sn 83035130</subfield></datafield><datafield ind1="0" ind2="5" tag="780"><subfield code="t">Liberty herald (Warren, Ohio)</subfield><subfield code="g">1846</subfield><subfield code="w">(DLC)sn 84028393</subfield></datafield><datafield ind1="0" ind2="4" tag="785"><subfield code="t">Cleveland true Democrat</subfield><subfield code="w">(DLC)sn 83035133</subfield></datafield></record>